### Articles ###

@article{AkroutAkram2016Pprc,
year = {2016},
title = {Parallel photonic reservoir computing using frequency multiplexing of neurons},
author = {Akrout, A. and Bouwens, A. and Duport, F. and Vinckier, Q. and Haelterman, M. and Massar, S.}
}

@article{financialTimeSeries,
author = {Bernal, A. and Fok, S. and Pidaparthi, R.},
year = {2012},
title = {Financial Market Time Series Prediction with Recurrent Neural Networks},
url = {http://citeseerx.ist.psu.edu/viewdoc/download?doi=10.1.1.278.3606&rep=rep1&type=pdf},
urldate = {April, 4 2019}
}

@article{Lukoeviius2009,
  doi = {10.1016/j.cosrev.2009.03.005},
  url = {https://doi.org/10.1016/j.cosrev.2009.03.005},
  year  = {2009},
  month = {aug},
  publisher = {Elsevier {BV}},
  volume = {3},
  number = {3},
  pages = {127--149},
  author = {Luko{\v{s}}evi{\v{c}}ius, M. and Jaeger, H.},
  title = {Reservoir computing approaches to recurrent neural network training},
  journal = {Computer Science Review}
}

 @article{Lukoeviius2012,
  doi = {10.1007/s13218-012-0204-5},
  url = {https://doi.org/10.1007/s13218-012-0204-5},
  year  = {2012},
  month = {may},
  publisher = {Springer Nature},
  volume = {26},
  number = {4},
  pages = {365--371},
  author = {Luko{\v{s}}evi{\v{c}}ius, M. and Jaeger, M. and Schrauwen, B.},
  title = {Reservoir Computing Trends},
  journal = {{KI} - K\"{u}nstliche Intelligenz}
}

@article{Caulfield2010,
  doi = {10.1038/nphoton.2010.94},
  url = {https://doi.org/10.1038/nphoton.2010.94},
  year = {2010},
  month = may,
  publisher = {Springer Nature},
  volume = {4},
  number = {5},
  pages = {261--263},
  author = {H. John Caulfield and Shlomi Dolev},
  title = {Why future supercomputing requires optics},
  journal = {Nature Photonics}
}

@article{Tucker2010,
  doi = {10.1038/nphoton.2010.162},
  url = {https://doi.org/10.1038/nphoton.2010.162},
  year = {2010},
  month = jul,
  publisher = {Springer Nature},
  volume = {4},
  number = {7},
  pages = {405--405},
  author = {Rodney S. Tucker},
  title = {The role of optics in computing},
  journal = {Nature Photonics}
}

### Books ###

@Book{bishop2006pattern,
 author = {Bishop, Christopher},
 title = {Pattern recognition and machine learning},
 publisher = {Springer},
 year = {2006},
 address = {New York},
 isbn = {978-0387-31073-2}
}
 
 @Book{russell2010artificial,
 author = {Russell, Stuart},
 title = {Artificial intelligence : a modern approach},
 publisher = {Prentice Hall},
 year = {2010},
 address = {Upper Saddle River, New Jersey},
 isbn = {978-0-13-604259-4}
}

@Book{tegmark2017life,
 author = {Tegmark, Max},
 title = {Life 3.0 : being human in the age of artificial intelligence},
 publisher = {Allen Lane},
 year = {2017},
 address = {U.K},
 isbn = {978-0-241-23719-9}
 }
 
 ### Other ###
 
 @misc{JaegerH.2001Tesa,
year = {2001},
title = {The "echo state" approach to analysing and training recurrent neural networks},
author = {Jaeger, H.}
}

@inproceedings{Steil,
  doi = {10.1109/ijcnn.2004.1380039},
  url = {https://doi.org/10.1109/ijcnn.2004.1380039},
  publisher = {{IEEE}},
  author = {J.J. Steil},
  title = {Backpropagation-decorrelation: online recurrent learning with O(N) complexity},
  booktitle = {2004 {IEEE} International Joint Conference on Neural Networks ({IEEE} Cat. No.04CH37541)}
}